<?xml version="1.0" encoding="UTF-8"?><collection xmlns="http://www.loc.gov/MARC21/slim"><record><leader>00544nam--2200205-u-4500</leader><controlfield tag="001">000052494</controlfield><controlfield tag="002">20161230</controlfield><controlfield tag="005">20161230201050</controlfield><controlfield tag="008">100826s1000------------r-----000-0-rus-d</controlfield><datafield ind1=" " ind2=" " tag="040"><subfield code="a">IFIN-HH</subfield></datafield><datafield ind1=" " ind2=" " tag="041"><subfield code="a">rus</subfield></datafield><datafield ind1=" " ind2=" " tag="080"><subfield code="a">532.6</subfield></datafield><datafield ind1="1" ind2=" " tag="100"><subfield code="a">Rowlinson,J.S</subfield></datafield><datafield ind1="1" ind2="0" tag="245"><subfield code="a">Molekuliarnaia teoria kapilliarnosti</subfield><subfield code="c">S.J. Rowlinson, B. Widom</subfield></datafield><datafield ind1=" " ind2=" " tag="260"><subfield code="a">Moskva</subfield><subfield code="b">Mir</subfield><subfield code="c">1986</subfield></datafield><datafield ind1=" " ind2=" " tag="300"><subfield code="a">375 p</subfield></datafield><datafield ind1=" " ind2=" " tag="500"><subfield code="a">Tit. orig. in lb. engleza: Molecular Theory of Capilarity</subfield></datafield><datafield ind1="1" ind2=" " tag="700"><subfield code="a">Widom, B</subfield></datafield><datafield ind1=" " ind2=" " tag="852"><subfield code="a">73610</subfield><subfield code="c">532</subfield></datafield><datafield ind1=" " ind2=" " tag="CAT"><subfield code="a">Sys</subfield><subfield code="c">20100826</subfield><subfield code="h">110455</subfield></datafield></record></collection>